@Book { latex ,
 author = { Lamport , Leslie },
 title = { LaTeX : A Document Preparation System },
 edition = { third },
 publisher = { Addison - Wesley , Professional },
 ISBN = 0201529831 ,
 month = jun ,
 year = 1994 }
